@book{knuth1984texbook,
  title={The \TeX book},
  author={Knuth, Donald Ervin},
  volume={A},
  year={1984},
  publisher={Addison-Wesley}
}
